<?xml version="1.0" encoding="UTF-8"?>
  <record xmlns="http://www.loc.gov/MARC21/slim" type="Authority">
    <leader>00000nz  a2200000nc 4500</leader>
    <controlfield tag="001">124292100</controlfield>
    <controlfield tag="003">DE-101</controlfield>
    <controlfield tag="005">20220411075519.0</controlfield>
    <controlfield tag="008">021216n||azznnaabn           | aaa    |c</controlfield>
    <datafield tag="024" ind1="7" ind2=" ">
      <subfield code="a">124292100</subfield>
      <subfield code="0">http://d-nb.info/gnd/124292100</subfield>
      <subfield code="2">gnd</subfield>
    </datafield>
    <datafield tag="035" ind1=" " ind2=" ">
      <subfield code="a">(DE-101)124292100</subfield>
    </datafield>
    <datafield tag="035" ind1=" " ind2=" ">
      <subfield code="a">(DE-588)124292100</subfield>
    </datafield>
    <datafield tag="035" ind1=" " ind2=" ">
      <subfield code="z">(DE-588)189409975</subfield>
    </datafield>
    <datafield tag="035" ind1=" " ind2=" ">
      <subfield code="z">(DE-588)173008976</subfield>
    </datafield>
    <datafield tag="035" ind1=" " ind2=" ">
      <subfield code="z">(DE-588a)173008976</subfield>
      <subfield code="9">v:zg</subfield>
    </datafield>
    <datafield tag="035" ind1=" " ind2=" ">
      <subfield code="z">(DE-588a)189409975</subfield>
      <subfield code="9">v:zg</subfield>
    </datafield>
    <datafield tag="035" ind1=" " ind2=" ">
      <subfield code="z">(DE-588c)7797246-6</subfield>
      <subfield code="9">v:zg</subfield>
    </datafield>
    <datafield tag="035" ind1=" " ind2=" ">
      <subfield code="z">(DE-588a)124292100</subfield>
      <subfield code="9">v:zg</subfield>
    </datafield>
    <datafield tag="040" ind1=" " ind2=" ">
      <subfield code="a">DE-12</subfield>
      <subfield code="c">DE-12</subfield>
      <subfield code="9">r:DE-12</subfield>
      <subfield code="b">ger</subfield>
      <subfield code="d">1140</subfield>
    </datafield>
    <datafield tag="042" ind1=" " ind2=" ">
      <subfield code="a">gnd1</subfield>
    </datafield>
    <datafield tag="043" ind1=" " ind2=" ">
      <subfield code="c">XA-DE</subfield>
    </datafield>
    <datafield tag="065" ind1=" " ind2=" ">
      <subfield code="a">16.5p</subfield>
      <subfield code="2">sswd</subfield>
    </datafield>
    <datafield tag="075" ind1=" " ind2=" ">
      <subfield code="b">p</subfield>
      <subfield code="2">gndgen</subfield>
    </datafield>
    <datafield tag="075" ind1=" " ind2=" ">
      <subfield code="b">piz</subfield>
      <subfield code="2">gndspec</subfield>
    </datafield>
    <datafield tag="079" ind1=" " ind2=" ">
      <subfield code="a">g</subfield>
      <subfield code="q">a</subfield>
      <subfield code="q">f</subfield>
      <subfield code="q">s</subfield>
      <subfield code="q">z</subfield>
      <subfield code="q">h</subfield>
      <subfield code="u">k</subfield>
    </datafield>
    <datafield tag="100" ind1="0" ind2=" ">
      <subfield code="a">Arnold</subfield>
      <subfield code="b">IV.</subfield>
      <subfield code="c">Steinfurt, Graf</subfield>
      <subfield code="d">1554-1606</subfield>
    </datafield>
    <datafield tag="375" ind1=" " ind2=" ">
      <subfield code="a">1</subfield>
      <subfield code="2">iso5218</subfield>
    </datafield>
    <datafield tag="400" ind1="0" ind2=" ">
      <subfield code="a">Arnold</subfield>
      <subfield code="b">II</subfield>
      <subfield code="c">Bentheim-Tecklenburg, Graf</subfield>
      <subfield code="d">1554-1606</subfield>
    </datafield>
    <datafield tag="400" ind1="0" ind2=" ">
      <subfield code="a">Arnold</subfield>
      <subfield code="b">II.</subfield>
      <subfield code="c">Bentheim, Graf</subfield>
      <subfield code="d">1554-1606</subfield>
    </datafield>
    <datafield tag="400" ind1="0" ind2=" ">
      <subfield code="a">Arnoldt</subfield>
      <subfield code="b">II.</subfield>
      <subfield code="c">Bentheim, Graf</subfield>
      <subfield code="d">1554-1606</subfield>
    </datafield>
    <datafield tag="400" ind1="0" ind2=" ">
      <subfield code="a">Arnoldt</subfield>
      <subfield code="c">Bentheim, Graf</subfield>
      <subfield code="d">1554-1606</subfield>
    </datafield>
    <datafield tag="400" ind1="0" ind2=" ">
      <subfield code="a">Arnold</subfield>
      <subfield code="c">Bentheim, Graf</subfield>
      <subfield code="d">1554-1606</subfield>
    </datafield>
    <datafield tag="400" ind1="0" ind2=" ">
      <subfield code="a">Arnolt</subfield>
      <subfield code="c">Bentheim-Tecklenburg, Graf</subfield>
      <subfield code="d">1554-1606</subfield>
    </datafield>
    <datafield tag="400" ind1="0" ind2=" ">
      <subfield code="a">Arnolt</subfield>
      <subfield code="c">Bentheim, Graf</subfield>
      <subfield code="d">1554-1606</subfield>
    </datafield>
    <datafield tag="400" ind1="0" ind2=" ">
      <subfield code="a">Arnt</subfield>
      <subfield code="c">Benthem-Tecklenburg-Steinfurt, Graf</subfield>
      <subfield code="d">1554-1606</subfield>
    </datafield>
    <datafield tag="400" ind1="0" ind2=" ">
      <subfield code="a">Arnold</subfield>
      <subfield code="c">Bentheim-Tecklenburg, Graf</subfield>
      <subfield code="d">1554-1606</subfield>
    </datafield>
    <datafield tag="400" ind1="0" ind2=" ">
      <subfield code="a">Arnold</subfield>
      <subfield code="c">Bentheim-Tecklenburg-Steinfurt-Limburg, Graf</subfield>
      <subfield code="d">1554-1606</subfield>
    </datafield>
    <datafield tag="400" ind1="0" ind2=" ">
      <subfield code="a">Arnolt</subfield>
      <subfield code="b">IV.</subfield>
      <subfield code="c">Steinfurt, Graf</subfield>
      <subfield code="d">1554-1606</subfield>
    </datafield>
    <datafield tag="400" ind1="1" ind2=" ">
      <subfield code="a">Bentheim-Tecklenburg, Arnold &#152;zu&#156;</subfield>
      <subfield code="d">1554-1606</subfield>
    </datafield>
    <datafield tag="400" ind1="1" ind2=" ">
      <subfield code="a">Bentheim-Bentheim, Arnold &#152;zu&#156;</subfield>
      <subfield code="d">1554-1606</subfield>
    </datafield>
    <datafield tag="400" ind1="1" ind2=" ">
      <subfield code="a">Bentheim-Tecklenburg-Steinfurt-Limburg, Arnold &#152;zu&#156;</subfield>
      <subfield code="d">1554-1606</subfield>
    </datafield>
    <datafield tag="400" ind1="1" ind2=" ">
      <subfield code="a">Bentheim, Arnold &#152;von&#156;</subfield>
      <subfield code="d">1554-1606</subfield>
    </datafield>
    <datafield tag="400" ind1="1" ind2=" ">
      <subfield code="a">Bentheimb, Arnold &#152;zu&#156;</subfield>
      <subfield code="d">1554-1606</subfield>
    </datafield>
    <datafield tag="400" ind1="1" ind2=" ">
      <subfield code="a">Bentheim, Arnold &#152;zu&#156;</subfield>
      <subfield code="d">1554-1606</subfield>
    </datafield>
    <datafield tag="400" ind1="1" ind2=" ">
      <subfield code="a">Bentheim, Arnolt &#152;zu&#156;</subfield>
      <subfield code="d">1554-1606</subfield>
    </datafield>
    <datafield tag="400" ind1="1" ind2=" ">
      <subfield code="a">Bentheim, Arnoldus &#152;a&#156;</subfield>
      <subfield code="d">1554-1606</subfield>
    </datafield>
    <datafield tag="400" ind1="1" ind2=" ">
      <subfield code="a">Bentheim, Arnoldus</subfield>
      <subfield code="d">1554-1606</subfield>
    </datafield>
    <datafield tag="400" ind1="1" ind2=" ">
      <subfield code="a">Bentheim, Arnold &#152;von&#156;</subfield>
      <subfield code="b">II.</subfield>
      <subfield code="d">1554-1606</subfield>
    </datafield>
    <datafield tag="400" ind1="1" ind2=" ">
      <subfield code="a">Benthem-Tecklenburg-Steinfurt, Arnt &#152;zu&#156;</subfield>
      <subfield code="d">1554-1606</subfield>
    </datafield>
    <datafield tag="400" ind1="1" ind2=" ">
      <subfield code="a">Bentheim-Tecklenburg-Steinfurt, Arnold &#152;von&#156;</subfield>
      <subfield code="d">1554-1606</subfield>
    </datafield>
    <datafield tag="400" ind1="1" ind2=" ">
      <subfield code="a">Bentheim-Tecklenburg, Arnold &#152;von&#156;</subfield>
      <subfield code="d">1554-1606</subfield>
    </datafield>
    <datafield tag="400" ind1="1" ind2=" ">
      <subfield code="a">Bentheim-Steinfurt, Arnold &#152;zu&#156;</subfield>
      <subfield code="b">IV.</subfield>
      <subfield code="d">1554-1606</subfield>
    </datafield>
    <datafield tag="400" ind1="1" ind2=" ">
      <subfield code="a">Bentheim-Steinfurt, Arnold &#152;von&#156;</subfield>
      <subfield code="d">1554-1606</subfield>
    </datafield>
    <datafield tag="400" ind1="1" ind2=" ">
      <subfield code="a">Bentheim-Tecklenburg-Steinfurt-Hohenlimburg, Arnold &#152;zu&#156;</subfield>
      <subfield code="d">1554-1606</subfield>
    </datafield>
    <datafield tag="500" ind1="1" ind2=" ">
      <subfield code="0">(DE-101)1173436499</subfield>
      <subfield code="0">(DE-588)1173436499</subfield>
      <subfield code="0">https://d-nb.info/gnd/1173436499</subfield>
      <subfield code="a">Bentheim, Magdalena von</subfield>
      <subfield code="d">1550-1626</subfield>
      <subfield code="4">bezf</subfield>
      <subfield code="4">https://d-nb.info/standards/elementset/gnd#familialRelationship</subfield>
      <subfield code="w">r</subfield>
      <subfield code="i">Beziehung familiaer</subfield>
      <subfield code="e">Beziehung familiaer</subfield>
      <subfield code="9">v:Ehefrau</subfield>
    </datafield>
    <datafield tag="548" ind1=" " ind2=" ">
      <subfield code="a">1554-1606</subfield>
      <subfield code="4">datl</subfield>
      <subfield code="4">https://d-nb.info/standards/elementset/gnd#dateOfBirthAndDeath</subfield>
      <subfield code="w">r</subfield>
      <subfield code="i">Lebensdaten</subfield>
    </datafield>
    <datafield tag="548" ind1=" " ind2=" ">
      <subfield code="a">10.10.1554-11.01.1606</subfield>
      <subfield code="4">datx</subfield>
      <subfield code="4">https://d-nb.info/standards/elementset/gnd#dateOfBirthAndDeath</subfield>
      <subfield code="w">r</subfield>
      <subfield code="i">Exakte Lebensdaten</subfield>
      <subfield code="9">v:Geburtsdatum auch: 04.10.1554 oder 11.10.1554</subfield>
    </datafield>
    <datafield tag="550" ind1=" " ind2=" ">
      <subfield code="0">(DE-101)040217787</subfield>
      <subfield code="0">(DE-588)4021778-4</subfield>
      <subfield code="0">https://d-nb.info/gnd/4021778-4</subfield>
      <subfield code="a">Graf</subfield>
      <subfield code="4">adel</subfield>
      <subfield code="4">https://d-nb.info/standards/elementset/gnd#titleOfNobility</subfield>
      <subfield code="w">r</subfield>
      <subfield code="i">Adelstitel</subfield>
    </datafield>
    <datafield tag="550" ind1=" " ind2=" ">
      <subfield code="0">(DE-101)040004643</subfield>
      <subfield code="0">(DE-588)4000464-8</subfield>
      <subfield code="0">https://d-nb.info/gnd/4000464-8</subfield>
      <subfield code="a">Adel</subfield>
      <subfield code="4">obin</subfield>
      <subfield code="4">https://d-nb.info/standards/elementset/gnd#broaderTermInstantial</subfield>
      <subfield code="w">r</subfield>
      <subfield code="i">Oberbegriff instantiell</subfield>
    </datafield>
    <datafield tag="551" ind1=" " ind2=" ">
      <subfield code="0">(DE-101)040417514</subfield>
      <subfield code="0">(DE-588)4041751-7</subfield>
      <subfield code="0">https://d-nb.info/gnd/4041751-7</subfield>
      <subfield code="a">Neuenhaus</subfield>
      <subfield code="4">ortg</subfield>
      <subfield code="4">https://d-nb.info/standards/elementset/gnd#placeOfBirth</subfield>
      <subfield code="w">r</subfield>
      <subfield code="i">Geburtsort</subfield>
    </datafield>
    <datafield tag="551" ind1=" " ind2=" ">
      <subfield code="0">(DE-101)040592790</subfield>
      <subfield code="0">(DE-588)4059279-0</subfield>
      <subfield code="0">https://d-nb.info/gnd/4059279-0</subfield>
      <subfield code="a">Tecklenburg</subfield>
      <subfield code="4">orts</subfield>
      <subfield code="4">https://d-nb.info/standards/elementset/gnd#placeOfDeath</subfield>
      <subfield code="w">r</subfield>
      <subfield code="i">Sterbeort</subfield>
    </datafield>
    <datafield tag="667" ind1=" " ind2=" ">
      <subfield code="a">NDSBIO</subfield>
    </datafield>
    <datafield tag="667" ind1=" " ind2=" ">
      <subfield code="a">7</subfield>
    </datafield>
    <datafield tag="667" ind1=" " ind2=" ">
      <subfield code="a">VD-17</subfield>
    </datafield>
    <datafield tag="667" ind1=" " ind2=" ">
      <subfield code="a">Ist nach Bentheimer und Tecklenburger Zählung der zweite regierende Graf seines Namens, in Steinfurt der Vierte; in Limburg führt er als einziger seines Namens keine Ordnungszahl</subfield>
    </datafield>
    <datafield tag="667" ind1=" " ind2=" ">
      <subfield code="a">nicht identisch mit !138778698! Arnold II. Bentheim-Tecklenburg, Graf</subfield>
    </datafield>
    <datafield tag="667" ind1=" " ind2=" ">
      <subfield code="a">labi-nrw-wes</subfield>
    </datafield>
    <datafield tag="670" ind1=" " ind2=" ">
      <subfield code="a">Europäische Stammtafeln N.F., Bd. 27, Taf. 151</subfield>
    </datafield>
    <datafield tag="670" ind1=" " ind2=" ">
      <subfield code="a">DbA II 100,152-175</subfield>
    </datafield>
    <datafield tag="670" ind1=" " ind2=" ">
      <subfield code="a">Bentheimer Jahrbuch 2006 (2005), S. 7-9</subfield>
    </datafield>
    <datafield tag="670" ind1=" " ind2=" ">
      <subfield code="a">Wikipedia</subfield>
      <subfield code="u">http://de.wikipedia.org/wiki/Arnold_II._(IV.)_von_Bentheim-Tecklenburg</subfield>
    </datafield>
    <datafield tag="670" ind1=" " ind2=" ">
      <subfield code="a">Festschrift "400 Jahre Arnoldinum", S. 31f</subfield>
    </datafield>
    <datafield tag="670" ind1=" " ind2=" ">
      <subfield code="a">NDSBIO</subfield>
    </datafield>
    <datafield tag="670" ind1=" " ind2=" ">
      <subfield code="a">Homepage des Heidelberger Katechismus</subfield>
      <subfield code="b">Stand: 02.10.14</subfield>
      <subfield code="u">http://www.heidelberger-katechismus.net/8703-0-227-50.html</subfield>
    </datafield>
    <datafield tag="672" ind1=" " ind2="0">
      <subfield code="a">Hochgraffliche Bentheimische Gericht- Undt Landts-Ordnungen. - 1691</subfield>
    </datafield>
    <datafield tag="672" ind1=" " ind2="0">
      <subfield code="a">Kirchen Ordnung. - 1619</subfield>
    </datafield>
    <datafield tag="678" ind1=" " ind2=" ">
      <subfield code="b">Graf zu Bentheim, Steinfurt, Tecklenburg u. Limburg, Herr zu Rheda, Wevelinhoven, Ucht u. Freudenberg, Erbvogt von Köln, seit 1573 verheiratet mit Magdalena, Gräfin von Neuenahr u. Limburg; seit 1562 Graf Arnold II. von Bentheim, seit 1566 Graf Arnold IV. von Steinfurt</subfield>
    </datafield>
    <datafield tag="913" ind1=" " ind2=" ">
      <subfield code="S">pnd</subfield>
      <subfield code="i">a</subfield>
      <subfield code="a">Bentheim, Arnold /von</subfield>
      <subfield code="0">(DE-588a)124292100</subfield>
    </datafield>
    <datafield tag="913" ind1=" " ind2=" ">
      <subfield code="S">pnd</subfield>
      <subfield code="i">a</subfield>
      <subfield code="a">Bentheim, Arnold /zu</subfield>
      <subfield code="0">(DE-588a)189409975</subfield>
    </datafield>
    <datafield tag="913" ind1=" " ind2=" ">
      <subfield code="S">pnd</subfield>
      <subfield code="i">5</subfield>
      <subfield code="a">Arnoldt &lt;Bentheim, Graf, II.&gt;</subfield>
      <subfield code="0">(DE-588a)173008976</subfield>
    </datafield>
  </record>
